@article{marwick2018packaging,
  title={Packaging data analytical work reproducibly using {R} (and friends)},
  author={Marwick, Ben and Boettiger, Carl and Mullen, Lincoln},
  journal={The American Statistician},
  volume={72},
  number={1},
  pages={80--88},
  year={2018},
  publisher={Taylor \& Francis},
  url={https://peerj.com/preprints/3192.pdf}
}
