@Manual{R-dplyr,
  title = {dplyr: A Grammar of Data Manipulation},
  author = {Hadley Wickham and Romain François and Lionel Henry and Kirill Müller},
  year = {2019},
  note = {R package version 0.8.3},
  url = {https://CRAN.R-project.org/package=dplyr},
}

@Manual{R-drake,
  title = {drake: A Pipeline Toolkit for Reproducible Computation at Scale},
  author = {R OpenSci},
  year = {2020},
  note = {R package version 7.11.0},
  url = {https://cran.r-project.org/package=drake},
}

@Manual{R-orderly,
  title = {orderly: Lightweight Reproducible Reporting},
  author = {Rich FitzJohn and Robert Ashton and Alex Hill and Martin Eden and Wes Hinsley and Emma Russell and James Thompson},
  year = {2020},
  note = {R package version 1.0.4},
  url = {https://CRAN.R-project.org/package=orderly},
}
@Manual{R-rrtools,
  title = {rrtools: Creates a Reproducible Research Compendium},
  author = {Ben Marwick},
  year = {2019},
  note = {R package version 0.1.0},
  url = {https://github.com/benmarwick/rrtools},
}
@Manual{R-testthat,
  title = {testthat: Unit Testing for R},
  author = {Hadley Wickham},
  year = {2019},
  note = {R package version 2.3.1},
  url = {https://CRAN.R-project.org/package=testthat},
}
@Manual{R-tidyverse,
  title = {tidyverse: Easily Install and Load the 'Tidyverse'},
  author = {Hadley Wickham},
  year = {2019},
  note = {R package version 1.3.0},
  url = {https://CRAN.R-project.org/package=tidyverse},
}
@Manual{R-workflowr,
  title = {workflowr: A Framework for Reproducible and Collaborative Data Science},
  author = {John Blischak and Peter Carbonetto and Matthew Stephens},
  year = {2019},
  note = {R package version 1.6.0},
  url = {https://CRAN.R-project.org/package=workflowr},
}

@Manual{R-checkers,
  title = {checkers: Automated checking of best practices for research compendia},
  author = {Noam Ross and Laura DeCicco and Nistara Randhawa},
  year = {2018},
  note = {R package version 0.1.0},
  url = {https://github.com/ropenscilabs/checkers/blob/master/DESCRIPTIONr},
}

@Manual{R-packrat,
  title = {packrat: A Dependency Management System for Projects and their R Package Dependencies},
  author = {Kevin Ushey and Jonathan McPherson and Joe Cheng and Aron Atkins and JJ Allaire},
  year = {2018},
  note = {R package version 0.5.0},
  url = {https://CRAN.R-project.org/package=packrat},
}

@Manual{R-reproducible,
  title = {reproducible: A Set of Tools that Enhance Reproducibility Beyond Package Management},
  author = {Eliot J B McIntire and Alex M Chubaty},
  year = {2020},
  note = {R package version 1.0.0},
  url = {https://CRAN.R-project.org/package=reproducible}
}



@Article{testthat2011,
  author = {Hadley Wickham},
  title = {testthat: Get Started with Testing},
  journal = {The R Journal},
  year = {2011},
  volume = {3},
  pages = {5--10},
  url = {https://journal.r-project.org/archive/2011-1/RJournal_2011-1_Wickham.pdf},
}

@Article{tidyverse2019,
  title = {Welcome to the {tidyverse}},
  author = {Hadley Wickham and Mara Averick and Jennifer Bryan and Winston Chang and Lucy D'Agostino McGowan and Romain François and Garrett Grolemund and Alex Hayes and Lionel Henry and Jim Hester and Max Kuhn and Thomas Lin Pedersen and Evan Miller and Stephan Milton Bache and Kirill Müller and Jeroen Ooms and David Robinson and Dana Paige Seidel and Vitalie Spinu and Kohske Takahashi and Davis Vaughan and Claus Wilke and Kara Woo and Hiroaki Yutani},
  year = {2019},
  journal = {Journal of Open Source Software},
  volume = {4},
  number = {43},
  pages = {1686},
  doi = {10.21105/joss.01686},
}

@Article{workflowr2019,
  title = {Creating and sharing reproducible research code the workflowr way [version 1; peer review: 3 approved]},
  author = {John D Blischak and Peter Carbonetto and Matthew Stephens},
  journal = {F1000Research},
  year = {2019},
  volume = {8},
  number = {1749},
  doi = {10.12688/f1000research.20843.1},
  url = {https://doi.org/10.12688/f1000research.20843.1},
}
