@article{baker20161,
  title={1,500 scientists lift the lid on reproducibility},
  author={Baker, Monya},
  journal={Nature News},
  volume={533},
  number={7604},
  pages={452},
  year={2016},
  url = {https://www.nature.com/news/1-500-scientists-lift-the-lid-on-reproducibility-1.19970}
}

@book{popper2005logic,
  title={The logic of scientific discovery},
  author={Popper, Karl},
  year={2005},
  publisher={Routledge},
  isbn = {9780091117214}
}


@article{marwick2018packaging,
  title={Packaging data analytical work reproducibly using {R} (and friends)},
  author={Marwick, Ben and Boettiger, Carl and Mullen, Lincoln},
  journal={The American Statistician},
  volume={72},
  number={1},
  pages={80--88},
  year={2018},
  publisher={Taylor \& Francis},
  doi={doi.org/10.1080/00031305.2017.1375986},
  url={https://peerj.com/preprints/3192.pdf}
}

@misc{cooper2017guide,
  title={A guide to reproducible code in ecology and evolution},
  author={Cooper, Natalie and Hsing, Pen-Yuan and Croucher, Mike and Graham, Laura and James, Tamora and Krystalli, Anna and Michonneau, Francois},
  journal={British Ecological Society},
  year={2017},
  url = {https://www.britishecologicalsociety.org/wp-content/uploads/2017/12/guide-to-reproducible-code.pdf}
}


@article{peng2009bio,
    author = {Peng, Roger D.},
    title = "{Reproducible research and Biostatistics}",
    journal = {Biostatistics},
    volume = {10},
    number = {3},
    pages = {405-408},
    year = {2009},
    month = {07},
    issn = {1465-4644},
    doi = {10.1093/biostatistics/kxp014},
    url = {https://doi.org/10.1093/biostatistics/kxp014},
    eprint = {http://oup.prod.sis.lan/biostatistics/article-pdf/10/3/405/26055640/kxp014.pdf},
}

@article {Goodman341ps12,
	author = {Goodman, Steven N. and Fanelli, Daniele and Ioannidis, John P. A.},
	title = {What does research reproducibility mean?},
	volume = {8},
	number = {341},
	pages = {341ps12},
	year = {2016},
	doi = {10.1126/scitranslmed.aaf5027},
	publisher = {American Association for the Advancement of Science},
	issn = {1946-6234},
	URL = {https://stm.sciencemag.org/content/8/341/341ps12},
	eprint = {https://stm.sciencemag.org/content/8/341/341ps12.full.pdf},
	journal = {Science Translational Medicine}
}

@book{kitzes2017practice,
author = {Kitzes, Justin and Turek, Daniel and Deniz, Fatma},
title = {The Practice of Reproducible Research: Case Studies and Lessons from the Data-Intensive Sciences},
year = {2017},
isbn = {0520294750}, 
publisher = {University of California Press},
address = {Berkeley, CA},
url = {https://www.practicereproducibleresearch.org}}

@InCollection{sep-scientific-reproducibility,
	author       =	{Fidler, Fiona and Wilcox, John},
	title        =	{Reproducibility of Scientific Results},
	booktitle    =	{The Stanford Encyclopedia of Philosophy},
	editor       =	{Edward N. Zalta},
	howpublished =	{\url{https://plato.stanford.edu/archives/win2018/entries/scientific-reproducibility/}},
	year         =	{2018},
	edition      =	{Winter 2018},
	publisher    =	{Metaphysics Research Lab, Stanford University}
}


@article{plos-biology,
    author = {Wallach, Joshua D. and Boyack, Kevin W. and Ioannidis, John P. A.},
    journal = {PLOS Biology},
    publisher = {Public Library of Science},
    title = {Reproducible research practices, transparency, and open access data in the biomedical literature, 2015-2017},
    year = {2018},
    month = {11},
    volume = {16},
    url = {https://doi.org/10.1371/journal.pbio.2006930},
    pages = {1-20},
    number = {11},
    doi = {10.1371/journal.pbio.2006930}
}

@article{bioessays-gosselin,
author = {Gosselin, Romain-Daniel},
title = {Statistical Analysis Must Improve to Address the Reproducibility Crisis: The ACcess to Transparent Statistics (ACTS) Call to Action},
journal = {BioEssays},
volume = {42},
number = {1},
pages = {1900189},
keywords = {biostatistics, good practices, publishing, reporting, reproducibility},
doi = {10.1002/bies.201900189},
url = {https://onlinelibrary.wiley.com/doi/abs/10.1002/bies.201900189},
eprint = {https://onlinelibrary.wiley.com/doi/pdf/10.1002/bies.201900189},
abstract = {The ACcess to Transparent Statistics (ACTS) call to action assembles four measures that are rapidly achievable by journals and funding agencies to enhance the quality of statistical reporting. The ACTS call to action is an appeal for concrete actions from institutions that should spearhead the battle for reproducibility.},
year = {2020}
}

@misc{broman,
  title={initial steps toward reproducible research: organize your data and code},
  url={https://kbroman.org/steps2rr/pages/organize.html},
  journal={Sitewide ATOM},
  author={Broman, Karl}
}

@misc{r-opensci,
  title={Reproducibility in Science},
  url={http://ropensci.github.io/reproducibility-guide/},
  journal={Reproducibility Guide}}
}

@book{unix, 
  author = {Gancarz, Mike}, 
  title = {Linux and the Unix Philosophy}, 
  year = {2002}, 
  isbn = {1555582737}, 
  publisher = {Digital Press}, 
  address = {USA} 
}

@book{hadley-packages, 
  author = {Wickham, Hadley},
  title = {R Packages}, 
  year = {2015}, 
  isbn = {1491910593}, 
  publisher = {O'Reilly Media, Inc.}, 
  edition = {1st} 
}

@article{coreteam-extensions,
  title={Writing R Extensions},
  author={R-Core-Team},
  journal={R Foundation for Statistical Computing},
  year={2020},
  url = {http://cran.stat.unipd.it/doc/manuals/r-release/R-exts.pdf}
}

@article{eisner-reproducibility,
  title = "Reproducibility of science: Fraud, impact factors and carelessness",
  journal = "Journal of Molecular and Cellular Cardiology",
  volume = "114",
  pages = "364-368",
  year = "2018",
  issn = "0022-2828",
  doi = "https://doi.org/10.1016/j.yjmcc.2017.10.009",
  url = "http://www.sciencedirect.com/science/article/pii/S0022282817303334",
  author = "D A Eisner",
}


@article{engineering-reproducibility,
  author = {McArthur,Sally L.},
  title = {Repeatability, Reproducibility, and Replicability: Tackling the 3R     
  challenge in biointerface science and engineering},
  journal = {Biointerphases},
  volume = {14},
  number = {2},
  pages = {020201},
  year = {2019},
  doi = {10.1116/1.5093621},
  URL = {https://doi.org/10.1116/1.5093621},
}

@Manual{R-dplyr,
  title = {dplyr: A Grammar of Data Manipulation},
  author = {Hadley Wickham and Romain Fran{\c c}ois and Lionel Henry and Kirill M{\"u}ller},
  year = {2019},
  note = {R package version 0.8.3},
  url = {https://CRAN.R-project.org/package=dplyr},
}

@Manual{R-drake,
  title = {drake: A Pipeline Toolkit for Reproducible Computation at Scale},
  author = {R OpenSci},
  year = {2020},
  note = {R package version 7.11.0},
  url = {https://cran.r-project.org/package=drake},
}

@Manual{R-orderly,
  title = {orderly: Lightweight Reproducible Reporting},
  author = {Rich FitzJohn and Robert Ashton and Alex Hill and Martin Eden and Wes Hinsley and Emma Russell and James Thompson},
  year = {2020},
  note = {R package version 1.0.4},
  url = {https://CRAN.R-project.org/package=orderly},
}
@Manual{R-rrtools,
  title = {rrtools: Creates a Reproducible Research Compendium},
  author = {Ben Marwick},
  year = {2019},
  note = {R package version 0.1.0},
  url = {https://github.com/benmarwick/rrtools},
}
@Manual{R-testthat,
  title = {testthat: Unit Testing for R},
  author = {Hadley Wickham},
  year = {2019},
  note = {R package version 2.3.1},
  url = {https://CRAN.R-project.org/package=testthat},
}
@Manual{R-tidyverse,
  title = {tidyverse: Easily Install and Load the 'Tidyverse'},
  author = {Hadley Wickham},
  year = {2019},
  note = {R package version 1.3.0},
  url = {https://CRAN.R-project.org/package=tidyverse},
}
@Manual{R-workflowr,
  title = {workflowr: A Framework for Reproducible and Collaborative Data Science},
  author = {John Blischak and Peter Carbonetto and Matthew Stephens},
  year = {2019},
  note = {R package version 1.6.0},
  url = {https://CRAN.R-project.org/package=workflowr},
}

@Manual{R-checkers,
  title = {checkers: Automated checking of best practices for research compendia},
  author = {Noam Ross and Laura DeCicco and Nistara Randhawa},
  year = {2018},
  note = {R package version 0.1.0},
  url = {https://github.com/ropenscilabs/checkers/blob/master/DESCRIPTIONr},
}

@Manual{R-packrat,
  title = {packrat: A Dependency Management System for Projects and their R Package Dependencies},
  author = {Kevin Ushey and Jonathan McPherson and Joe Cheng and Aron Atkins and JJ Allaire},
  year = {2018},
  note = {R package version 0.5.0},
  url = {https://CRAN.R-project.org/package=packrat},
}

@Manual{R-reproducible,
  title = {reproducible: A Set of Tools that Enhance Reproducibility Beyond Package Management},
  author = {Eliot J B McIntire and Alex M Chubaty},
  year = {2020},
  note = {R package version 1.0.0},
  url = {https://CRAN.R-project.org/package=reproducible}
}



@Article{testthat2011,
  author = {Hadley Wickham},
  title = {testthat: Get Started with Testing},
  journal = {The R Journal},
  year = {2011},
  volume = {3},
  pages = {5-10},
  url = {https://journal.r-project.org/archive/2011-1/RJournal_2011-1_Wickham.pdf},
}

@Article{tidyverse2019,
  title = {Welcome to the {tidyverse}},
  author = {Hadley Wickham and Mara Averick and Jennifer Bryan and Winston Chang and Lucy D'Agostino McGowan and Romain Fran{\c c}ois and Garrett Grolemund and Alex Hayes and Lionel Henry and Jim Hester and Max Kuhn and Thomas Lin Pedersen and Evan Miller and Stephan Milton Bache and Kirill M{\"u}ller and Jeroen Ooms and David Robinson and Dana Paige Seidel and Vitalie Spinu and Kohske Takahashi and Davis Vaughan and Claus Wilke and Kara Woo and Hiroaki Yutani},
  year = {2019},
  journal = {Journal of Open Source Software},
  volume = {4},
  number = {43},
  pages = {1686},
  doi = {10.21105/joss.01686},
}

@Article{workflowr2019,
  title = {Creating and sharing reproducible research code the workflowr way},
  author = {John D Blischak and Peter Carbonetto and Matthew Stephens},
  journal = {F1000Research},
  year = {2019},
  volume = {8},
  number = {1749},
  doi = {10.12688/f1000research.20843.1},
  url = {https://doi.org/10.12688/f1000research.20843.1},
}





